@misc{air_properties ,
  author = {Engineers Edge},
  title = {Viscosity of Air, Dynamic and Kinematic},
  year = 2025,
  howpublished = {\url{https://www.engineersedge.com/physics/viscosity_of_air_dynamic_and_kinematic_14483.htm}},
  urldate = {2025-05-18}
}

@misc{temp_distribution_at_atmosphere ,
  author = {The Engineering ToolBox},
  title = {U.S. Standard Atmosphere: Temperature, Pressure, and Air Properties vs. Altitude},
  year = 2003,
  howpublished = {\url{https://www.engineeringtoolbox.com/standard-atmosphere-d_604.html}},
  urldate = {2025-05-18}
}